@book{mounce2021,
  author    = {William D. Mounce},
  title     = {Why I Trust the Bible},
  year      = {2021},
  publisher = {Zondervan},
  location  = {Grand Rapids, MI},
  isbn      = {978-0310109617}
}

@article{smith2020,
  author  = {Jane Smith},
  title   = {Faith and Reason in Modern Theology},
  journal = {Journal of Christian Thought},
  year    = {2020},
  volume  = {45},
  number  = {2},
  pages   = {123--135},
  doi     = {10.1234/jct.2020.45.2.123}
}

@book{doe2021,
  author    = {John Doe},
  title     = {Theological Perspectives on Modern Society},
  year      = {2021},
  publisher = {Academic Press},
  location  = {New York, NY}
}

@online{ccu2025,
  author    = {{Colorado Christian University}},
  title     = {Student Handbook 2025},
  year      = {2025},
  url       = {https://www.ccu.edu/student-handbook},
  urldate   = {2025-10-19}
}
